<?xml version="1.0" encoding="UTF-8"?><collection xmlns="http://www.loc.gov/MARC21/slim"><record><leader>00419nam--2200145-i-4500</leader><controlfield tag="001">000006982</controlfield><controlfield tag="002">20161230</controlfield><controlfield tag="005">20170225181932</controlfield><controlfield tag="008">060222s1000------------r-----000-0-eng-d</controlfield><datafield ind1=" " ind2=" " tag="040"><subfield code="a">IFIN-HH</subfield></datafield><datafield ind1=" " ind2=" " tag="245"><subfield code="a">Colloque sur l analyse numerique, Tenu a Mons, les 22-24 mars, 1961</subfield></datafield><datafield ind1=" " ind2=" " tag="260"><subfield code="a">Lauvain</subfield><subfield code="b">Centre Belge De Recherches Mathematiques</subfield><subfield code="c">1961</subfield></datafield><datafield ind1=" " ind2=" " tag="300"><subfield code="a">214 p</subfield></datafield><datafield ind1=" " ind2=" " tag="852"><subfield code="a">20409</subfield><subfield code="c">518.12</subfield></datafield><datafield ind1=" " ind2=" " tag="CAT"><subfield code="a">SYS</subfield><subfield code="c">20170225</subfield><subfield code="h">181932</subfield></datafield></record></collection>